<?xml version="1.0" encoding="UTF-8"?><collection xmlns="http://www.loc.gov/MARC21/slim"><record><leader>00352nam--2200133-i-4500</leader><controlfield tag="001">000050099</controlfield><controlfield tag="002">20161230</controlfield><controlfield tag="005">20161230201048</controlfield><controlfield tag="008">060222s1000------------r-----000-0-eng-d</controlfield><datafield ind1=" " ind2=" " tag="080"><subfield code="a">532.5</subfield></datafield><datafield ind1=" " ind2=" " tag="100"><subfield code="a">Baranov, V.B. I Krasnobaev, K.V</subfield></datafield><datafield ind1=" " ind2=" " tag="245"><subfield code="a">Gidrodinamicheskaia teoriia kosmicheskoi plazmy</subfield></datafield><datafield ind1=" " ind2=" " tag="260"><subfield code="a">Moskva, Izd. Nauka, 1977, 336s</subfield></datafield><datafield ind1=" " ind2=" " tag="852"><subfield code="a">76277</subfield></datafield></record></collection>